@article{DBLP:journals/eccc/ECCC-TR04-094,
  author    = {Omer Reingold},
  title     = {Undirected ST-Connectivity in Log-Space},
  journal   = {Electronic Colloquium on Computational Complexity {(ECCC)}},
  number    = {094},
  year      = {2004},
  url       = {http://eccc.hpi-web.de/eccc-reports/2004/TR04-094/index.html},
  timestamp = {Tue, 14 Aug 2018 17:08:06 +0200},
  biburl    = {https://dblp.org/rec/journals/eccc/ECCC-TR04-094.bib},
  bibsource = {dblp computer science bibliography, https://dblp.org}
}

@article{DBLP:journals/eccc/ECCC-TR01-018,
  author    = {Omer Reingold and
               Salil P. Vadhan and
               Avi Wigderson},
  title     = {Entropy Waves, the Zig-Zag Graph Product, and New Constant-Degree
               Expanders and Extractors},
  journal   = {Electronic Colloquium on Computational Complexity {(ECCC)}},
  volume    = {8},
  number    = {18},
  year      = {2001},
  url       = {http://eccc.hpi-web.de/eccc-reports/2001/TR01-018/index.html},
  timestamp = {Tue, 14 Aug 2018 17:08:05 +0200},
  biburl    = {https://dblp.org/rec/journals/eccc/ECCC-TR01-018.bib},
  bibsource = {dblp computer science bibliography, https://dblp.org}
}

@inproceedings{DBLP:conf/focs/NisanSW92,
  author    = {Noam Nisan and
               Endre Szemer{\'{e}}di and
               Avi Wigderson},
  title     = {Undirected Connectivity in O(log {\^{}}1.5 n) Space},
  booktitle = {33rd Annual Symposium on Foundations of Computer Science, Pittsburgh,
               Pennsylvania, USA, 24-27 October 1992},
  pages     = {24--29},
  publisher = {{IEEE} Computer Society},
  year      = {1992},
  url       = {https://doi.org/10.1109/SFCS.1992.267822},
  doi       = {10.1109/SFCS.1992.267822},
  timestamp = {Wed, 16 Oct 2019 14:14:54 +0200},
  biburl    = {https://dblp.org/rec/conf/focs/NisanSW92.bib},
  bibsource = {dblp computer science bibliography, https://dblp.org}
}

@article{DBLP:journals/jacm/ArmoniTWZ00,
  author    = {Roy Armoni and
               Amnon Ta{-}Shma and
               Avi Wigderson and
               Shiyu Zhou},
  title     = {An \emph{O}(log(\emph{n})\({}^{\mbox{4/3}}\)) space algorithm for
               (\emph{s, t}) connectivity in undirected graphs},
  journal   = {J. {ACM}},
  volume    = {47},
  number    = {2},
  pages     = {294--311},
  year      = {2000},
  url       = {https://doi.org/10.1145/333979.333984},
  doi       = {10.1145/333979.333984},
  timestamp = {Sun, 02 Jun 2019 20:59:12 +0200},
  biburl    = {https://dblp.org/rec/journals/jacm/ArmoniTWZ00.bib},
  bibsource = {dblp computer science bibliography, https://dblp.org}
}

@article{DBLP:journals/cpc/AlonS00,
  author    = {Noga Alon and
               Benny Sudakov},
  title     = {Bipartite Subgraphs And The Smallest Eigenvalue},
  journal   = {Comb. Probab. Comput.},
  volume    = {9},
  number    = {1},
  pages     = {1--12},
  year      = {2000},
  url       = {http://journals.cambridge.org/action/displayAbstract?aid=46757},
  timestamp = {Thu, 12 Mar 2020 15:56:00 +0100},
  biburl    = {https://dblp.org/rec/journals/cpc/AlonS00.bib},
  bibsource = {dblp computer science bibliography, https://dblp.org}
}


