@misc{appralgo,
  Author = {Gharan, Shayan Oveis},
  Institution = {University of Washington Computer Science & Engineering},
  Howpublished = {University Lecture},
  Url = {https://homes.cs.washington.edu/~shayan/courses/approx/},
  Year = {2015},
  Title = {Recent Developments in Approximation Algorithms}
}

@book{godsil2001algebraic,
  title={Algebraic Graph Theory},
  author={Godsil, C. and Royle, G.F.},
  isbn={9780387952208},
  lccn={lc00053776},
  series={Graduate Texts in Mathematics},
  url={https://books.google.co.in/books?id=gk60QgAACAAJ},
  year={2001},
  publisher={Springer New York}
}

@article{GUENOCHE1983214,
title = "Random spanning tree",
journal = "Journal of Algorithms",
volume = "4",
number = "3",
pages = "214 - 220",
year = "1983",
issn = "0196-6774",
doi = "https://doi.org/10.1016/0196-6774(83)90022-6",
url = "http://www.sciencedirect.com/science/article/pii/0196677483900226",
author = "A Guénoche",
abstract = "Dans cet article, nous proposons un algorithme de complexité polynomiale pour construire un arbre au hasard qui soit un graphe partiel d'un graphe donné. Il consiste essentielleement à construire une arborescence de rang donné sur ce graphe, l'ensemble des arborescences étant ordonné par rapport aux valeurs croissantes de la racine et à racine égale suivant l'ordre lexicographique du codage utilisé pour les arborescences."
}

@article{burton1993,
author = "Burton, Robert and Pemantle, Robin",
doi = "10.1214/aop/1176989121",
fjournal = "Annals of Probability",
journal = "Ann. Probab.",
month = "07",
number = "3",
pages = "1329--1371",
publisher = "The Institute of Mathematical Statistics",
title = "Local Characteristics, Entropy and Limit Theorems for Spanning Trees and Domino Tilings Via Transfer-Impedances",
url = "https://doi.org/10.1214/aop/1176989121",
volume = "21",
year = "1993"
}


